@incollection{Tisi2008,
  title = {Building Community-Based {{Web}} Applications with a {{Model-Driven}} Approach and Design Patterns},
  author = {Tisi, M. and Fraternali, P.},
  year = {2008},
  volume = {Handbook o},
  publisher = {{IGI Global}},
  copyright = {All rights reserved},
  keywords = {my-chapter,web},
  file = {/Users/max/Zotero/storage/9FBMQTET/Tisi, Fraternali - 2008 - Building community-based Web applications with a Model-Driven approach and design patterns.pdf}
}
