
@inproceedings{dehghani_faciliter_2023,
	address = {La Rochelle, France},
	title = {Faciliter la migration vers une architecture microservices : {Approche} basée sur la rétroingénierie dirigée par les modèles et l'apprentissage par renforcement},
	copyright = {All rights reserved},
	language = {fr},
	booktitle = {{INFORSID} 2023},
	author = {Dehghani, MohammadHadi and Kolahdouz-Rahimi, Shekoufeh and Tisi, Massimo and Tamzalit, Dalila},
	year = {2023},
	keywords = {my-national},
	file = {Dehghani et al. - Faciliter la migration vers une architecture micro.pdf:/Users/max/Zotero/storage/FIF23CD6/Dehghani et al. - Faciliter la migration vers une architecture micro.pdf:application/pdf},
}
