@proceedings{DBLP:conf/staf/2016bigmde,
editor = {Kolovos, Dimitris S and Ruscio, Davide Di and Matragkas, Nicholas Drivalos and Cuadrado, Jes{\'{u}}s S{\'{a}}nchez and R{\'{a}}th, Istv{\'{a}}n and Tisi, Massimo},
keywords = {Proceedings},
mendeley-tags = {Proceedings},
publisher = {CEUR-WS.org},
series = {{\{}CEUR{\}} Workshop Proceedings},
title = {{Proceedings of the 4rd Workshop on Scalable Model Driven Engineering part of the Software Technologies: Applications and Foundations {\{}(STAF{\}} 2016) federation of conferences, Vienna, Austria, July 8, 2016}},
url = {http://ceur-ws.org/Vol-1652},
volume = {1652},
year = {2016}
}
@proceedings{DBLP:conf/staf/2015bigmde,
editor = {Kolovos, Dimitris S and Ruscio, Davide Di and Matragkas, Nicholas Drivalos and Cuadrado, Jes{\'{u}}s S{\'{a}}nchez and R{\'{a}}th, Istv{\'{a}}n and Tisi, Massimo},
keywords = {Proceedings},
mendeley-tags = {Proceedings},
publisher = {CEUR-WS.org},
series = {{\{}CEUR{\}} Workshop Proceedings},
title = {{Proceedings of the 3rd Workshop on Scalable Model Driven Engineering part of the Software Technologies: Applications and Foundations {\{}(STAF{\}} 2015) federation of conferences, L'Aquila, Italy, July 23, 2015}},
url = {http://ceur-ws.org/Vol-1406},
volume = {1406},
year = {2015}
}
@proceedings{DBLP:conf/staf/2014bigmde,
editor = {Kolovos, Dimitris S and Ruscio, Davide Di and Matragkas, Nicholas Drivalos and de Lara, Juan and R{\'{a}}th, Istv{\'{a}}n and Tisi, Massimo},
keywords = {Proceedings},
mendeley-tags = {Proceedings},
publisher = {CEUR-WS.org},
series = {{\{}CEUR{\}} Workshop Proceedings},
title = {{Proceedings of the 2nd Workshop on Scalability in Model Driven Engineering co-located with the Software Technologies: Applications and Foundations Conference, BigMDE@STAF2014, York, UK, July 24, 2014}},
url = {http://ceur-ws.org/Vol-1206},
volume = {1206},
year = {2014}
}
