@inproceedings{Fraternali2009a,
author = {Fraternali, Piero and Tisi, Massimo},
booktitle = {Model Transformation with ATL Workshop (MtATL2009)},
file = {:home/max/Documents/Library/Bibliography/Mendeley/mutations.pdf:pdf},
pages = {145},
title = {{Mutation Analysis for Model Transformations in ATL}},
url = {http://docatlanmod.emn.fr/MtATL2009Presentations/PreliminaryProceedings.pdf\#page=153},
year = {2009}
}
@inproceedings{bozzon_current_2008,
author = {Bozzon, Alessandro and Comai, Sara and Fraternali, Piero and Tisi, Massimo},
booktitle = {Proceedings of IWWOST Workshop at ICWE 2008},
file = {:home/max/Documents/Library/Bibliography/Mendeley/iwwost08-camera.pdf:pdf},
keywords = {Mine},
mendeley-tags = {Mine},
title = {{Current Research on the Design of Web 2.0 Applications based on Model-Driven Approaches.}},
year = {2008}
}
@inproceedings{brambilla_metamodel_2008,
author = {Brambilla, M. and Fraternali, P. and Tisi, M.},
booktitle = {Proceedings of MDWE workshop in Models 2008 (Best paper)},
editor = {{CEUR-WS. Org}},
file = {:home/max/.local/share/data/Mendeley Ltd./Mendeley Desktop/Downloaded/DDJIC6DR/Brambilla et al - A Metamodel Transformation Framework for the Migra.pdf:pdf},
keywords = {ATL},
mendeley-tags = {ATL},
pages = {91--105},
title = {{A Metamodel Transformation Framework for the Migration of WebML models to MDA}},
url = {http://citeseerx.ist.psu.edu/viewdoc/download?doi=10.1.1.143.382\&amp;rep=rep1\&amp;type=pdf},
year = {2008}
}
@inproceedings{brambilla_marginalized_2008,
author = {Brambilla, Marco and Fraternali, Piero and Silva, Matteo and Tisi, Massimo},
booktitle = {Marginalized Young People: Inclusion Through ICT, workshop at IDC2008},
file = {:home/max/Documents/Library/Bibliography/Mendeley/idc2008\_workshop\_v4final.pdf:pdf},
keywords = {acm classification keywords,developing countries,ict education,marginal quarters},
pages = {1--4},
title = {{ICT Education as a Key Emancipation Factor for Young People in Marginal Quarters of Developing Countries}},
year = {2008}
}
